@book{kunen2011set,
  title={Set Theory},
  author={Kunen, K.},
  isbn={9781848900509},
  series={Studies in Logic: Mathematical},
  url={https://books.google.com/books?id=Zn8ppwAACAAJ},
  year={2011},
  publisher={College Publications}
}

@book{aluffi2009algebra,
  title={Algebra: Chapter 0},
  author={Aluffi, P.},
  isbn={9780821847817},
  lccn={2009004043},
  series={Graduate studies in mathematics},
  url={https://books.google.com/books?id=deWkZWYbyHQC},
  year={2009},
  publisher={American Mathematical Society}
}

@book{riehl2017category,
  title={Category Theory in Context},
  author={Riehl, E.},
  isbn={9780486820804},
  series={Aurora: Dover Modern Math Originals},
  url={https://books.google.com/books?id=6B9MDgAAQBAJ},
  year={2017},
  publisher={Dover Publications}
}

@book{munkres2000topology,
  title={Topology},
  author={Munkres, J.R.},
  isbn={9780131816299},
  lccn={99052942},
  series={Featured Titles for Topology},
  url={https://books.google.com/books?id=XjoZAQAAIAAJ},
  year={2000},
  publisher={Prentice Hall, Incorporated}
}

@article{Kelley1950,
author = {Kelley, J.},
journal = {Fundamenta Mathematicae},
keywords = {set theory},
language = {eng},
number = {1},
pages = {75-76},
title = {The Tychonoff product theorem implies the axiom of choice},
url = {http://eudml.org/doc/213229},
volume = {37},
year = {1950},
}

@article{Solovay1970,
 ISSN = {0003486X},
 URL = {http://www.jstor.org/stable/1970696},
 author = {Robert M. Solovay},
 journal = {Annals of Mathematics},
 number = {1},
 pages = {1--56},
 publisher = {Annals of Mathematics},
 title = {A Model of Set-Theory in Which Every Set of Reals is Lebesgue Measurable},
 volume = {92},
 year = {1970}
}

@book{pugh2013real,
  title={Real Mathematical Analysis},
  author={Pugh, C.C.},
  isbn={9780387216843},
  lccn={2001032814},
  series={Undergraduate Texts in Mathematics},
  url={https://books.google.com/books?id=Rs7iBwAAQBAJ},
  year={2013},
  publisher={Springer New York}
}

@book{coud√®ne2016ergodic,
  title={Ergodic Theory and Dynamical Systems},
  author={Coud{\`e}ne, Y. and Ern{\'e}, R.},
  isbn={9781447172871},
  series={Universitext},
  url={https://books.google.com/books?id=J-16DQAAQBAJ},
  year={2016},
  publisher={Springer London}
}

@book{strichartz2003guide,
  title={A Guide to Distribution Theory and Fourier Transforms},
  author={Strichartz, R.S.},
  isbn={9789812384300},
  lccn={2004540483},
  series={Studies in advanced mathematics},
  url={https://books.google.com/books?id=T7vEOGGDCh4C},
  year={2003},
  publisher={World Scientific}
}

@book{lang2012real,
  title={Real and Functional Analysis},
  author={Lang, S.},
  isbn={9781461208976},
  lccn={92021208},
  series={Graduate Texts in Mathematics},
  url={https://books.google.com/books?id=KOMlBQAAQBAJ},
  year={2012},
  publisher={Springer New York}
}

@book{rudin1978real,
  title={Real and Complex Analysis},
  author={Rudin, W.},
  isbn={9780070995574},
  lccn={73015743},
  series={McGraw-Hill series in higher mathematics},
  url={https://books.google.com/books?id=onVoAAAACAAJ},
  year={1978},
  publisher={McGraw-Hill}
}

 @misc{Rieffel1970,
 url={https://math.berkeley.edu/~rieffel/measinteg.html},
 title={Lectures on measure and integration},
 publisher={UC Berkeley},
 author={Rieffel, Marc A},
 year={1970}}

@misc{AndersBanachTarskiParadox2007,
	url={http://web.mit.edu/andersk/Public/banach-tarski.pdf},
	title={The Banach-Tarski Pradox},
	publisher={MIT},
	author={Anders Kaseorg},
	year={2007}
}
